% Artigos
% Livros
% Sites e materiais online
@misc{ wiki:xxx,
   author = "Wikipédia",
   title = "Revisão bibliográfica --- Wikipédia{,} a enciclopédia livre",
   year = "2021",
   url = "https://pt.wikipedia.org/w/index.php?title=Revis%C3%A3o_bibliogr%C3%A1fica&oldid=60842909",
   note = "[Online; accessed 6-abril-2021]"
 }
% Pesquisas (estatísticas)
% Softwares (linguagens)
% Outros